<?xml version="1.0" encoding="UTF-8"?><collection xmlns="http://www.loc.gov/MARC21/slim"><record><leader>00631nam--2200217-u-4500</leader><controlfield tag="001">000052051</controlfield><controlfield tag="002">20161230</controlfield><controlfield tag="005">20161230201049</controlfield><controlfield tag="008">090610s1000------------r-----000-0-eng-d</controlfield><datafield ind1=" " ind2=" " tag="020"><subfield code="a">0-521-179001-8</subfield></datafield><datafield ind1=" " ind2=" " tag="040"><subfield code="a">IFIN-HH</subfield></datafield><datafield ind1=" " ind2=" " tag="080"><subfield code="a">517.63</subfield></datafield><datafield ind1="1" ind2=" " tag="100"><subfield code="a">Paris,R.B. si Kaminski,D</subfield></datafield><datafield ind1="1" ind2=" " tag="245"><subfield code="a">Asymptotics and Mellin-Barnes Integrals</subfield></datafield><datafield ind1=" " ind2=" " tag="260"><subfield code="a">Cambridge</subfield><subfield code="b">University Press</subfield><subfield code="c">2001</subfield></datafield><datafield ind1=" " ind2=" " tag="300"><subfield code="a">422 p</subfield></datafield><datafield ind1=" " ind2=" " tag="490"><subfield code="a">Encyclopedia of Mathematics and its Applications</subfield><subfield code="v">vol.85</subfield></datafield><datafield ind1=" " ind2=" " tag="504"><subfield code="a">Includes Bibliographical References and Index</subfield></datafield><datafield ind1=" " ind2="4" tag="650"><subfield code="a">Mellin Transform</subfield></datafield><datafield ind1=" " ind2=" " tag="852"><subfield code="a">81366</subfield><subfield code="c">517.9</subfield></datafield><datafield ind1=" " ind2=" " tag="CAT"><subfield code="a">Sys</subfield><subfield code="c">20090610</subfield><subfield code="h">110455</subfield></datafield></record></collection>